@book{ex3,
    editor = {Stephen Lea Sheppard},
    publisher = {White Wolf},
    title = {Exalted 3},
    year = 2016
}

@book{db,
    editor = {Stephen Lea Sheppard},
    publisher = {White Wolf},
    title = {Dragon-Blooded: What Fire Has Wrought},
    shorttitle = {Dragon-Blooded},
    year = 2019
}

