@book{ex3,
    editor = {Stephen Lea Sheppard},
    publisher = {White Wolf},
    title = {Exalted 3},
    year = 2016
}

@book{miracles,
    author = {John MÃ¸rke},
    editor = {Holden Shearer},
    publisher = {White Wolf},
    title = {Miracles of the Solar Exalted},
    year = 2016
}

